@article{numpy,
  title={Array programming with NumPy},
  author={Harris, Charles R and Millman, K Jarrod and Van Der Walt, St{\'e}fan J and Gommers, Ralf and Virtanen, Pauli and Cournapeau, David and Wieser, Eric and Taylor, Julian and Berg, Sebastian and Smith, Nathaniel J and others},
  journal={Nature},
  volume={585},
  number={7825},
  pages={357--362},
  year={2020},
  publisher={Nature Publishing Group UK London}
}
@article{mygene,
  title={MyGene. info: gene annotation query as a service},
  author={Wu, Chunlei and Mark, Adam and Su, Andrew I},
  journal={bioRxiv},
  pages={009332},
  year={2014},
  publisher={Cold Spring Harbor Laboratory}
}
@article{okano2023set,
  title={A set-theoretic definition of cell types with an algebraic structure on gene regulatory networks and application in annotation of RNA-seq data},
  author={Okano, Yuji and Kase, Yoshitaka and Okano, Hideyuki},
  journal={Stem cell reports},
  volume={18},
  number={1},
  pages={113--130},
  year={2023},
  publisher={Elsevier}
}
@article{scanpy,
  title={SCANPY: large-scale single-cell gene expression data analysis},
  author={Wolf, F Alexander and Angerer, Philipp and Theis, Fabian J},
  journal={Genome biology},
  volume={19},
  pages={1--5},
  year={2018},
  publisher={Springer}
}
@inproceedings{pandas,
  title={Data structures for statistical computing in python},
  author={McKinney, Wes and others},
  booktitle={Proceedings of the 9th Python in Science Conference},
  volume={445},
  pages={51--56},
  year={2010},
  organization={Austin, TX}
}
@Article{matplotlib,
  Author    = {Hunter, J. D.},
  Title     = {Matplotlib: A 2D graphics environment},
  Journal   = {Computing in Science \& Engineering},
  Volume    = {9},
  Number    = {3},
  Pages     = {90--95},
  abstract  = {Matplotlib is a 2D graphics package used for Python for
  application development, interactive scripting, and publication-quality
  image generation across user interfaces and operating systems.},
  publisher = {IEEE COMPUTER SOC},
  doi       = {10.1109/MCSE.2007.55},
  year      = 2007
}
@article{seaborn,
    doi = {10.21105/joss.03021},
    url = {https://doi.org/10.21105/joss.03021},
    year = {2021},
    publisher = {The Open Journal},
    volume = {6},
    number = {60},
    pages = {3021},
    author = {Michael L. Waskom},
    title = {seaborn: statistical data visualization},
    journal = {Journal of Open Source Software}
 }
@inproceedings{pgmpy,
  title={pgmpy: Probabilistic graphical models using python},
  author={Ankan, Ankur and Panda, Abinash},
  booktitle={Proceedings of the 14th Python in Science Conference (SCIPY 2015)},
  year={2015},
  organization={Citeseer}
}
@article{xie2021single,
  title={Single-cell transcriptomic landscape of human blood cells},
  author={Xie, Xiaowei and Liu, Mengyao and Zhang, Yawen and Wang, Bingrui and Zhu, Caiying and Wang, Chenchen and Li, Qing and Huo, Yingying and Guo, Jiaojiao and Xu, Changlu and others},
  journal={National Science Review},
  volume={8},
  number={3},
  pages={nwaa180},
  year={2021},
  publisher={Oxford University Press}
}
@book{spirtes2000causation,
  title={Causation, prediction, and search},
  author={Spirtes, Peter and Glymour, Clark N and Scheines, Richard},
  year={2000},
  publisher={MIT press}
}
@article{bookstein2002generalized,
  title={Generalized hamming distance},
  author={Bookstein, Abraham and Kulyukin, Vladimir A and Raita, Timo},
  journal={Information Retrieval},
  volume={5},
  pages={353--375},
  year={2002},
  publisher={Springer}
}
@article{tang2009mrna,
  title={mRNA-Seq whole-transcriptome analysis of a single cell},
  author={Tang, Fuchou and Barbacioru, Catalin and Wang, Yangzhou and Nordman, Ellen and Lee, Clarence and Xu, Nanlan and Wang, Xiaohui and Bodeau, John and Tuch, Brian B and Siddiqui, Asim and others},
  journal={Nature methods},
  volume={6},
  number={5},
  pages={377--382},
  year={2009},
  publisher={Nature Publishing Group US New York}
}
@article{regev2017human,
  title={The human cell atlas},
  author={Regev, Aviv and Teichmann, Sarah A and Lander, Eric S and Amit, Ido and Benoist, Christophe and Birney, Ewan and Bodenmiller, Bernd and Campbell, Peter and Carninci, Piero and Clatworthy, Menna and others},
  journal={elife},
  volume={6},
  pages={e27041},
  year={2017},
  publisher={eLife Sciences Publications, Ltd}
}
@article{umap,
  doi = {10.21105/joss.00861}, 
  url = {https://doi.org/10.21105/joss.00861}, 
  year = {2018}, publisher = {The Open Journal}, 
  volume = {3}, 
  number = {29}, 
  pages = {861}, 
  author = {Leland McInnes and John Healy and Nathaniel Saul and Lukas Gro√überger}, 
  title = {UMAP: Uniform Manifold Approximation and Projection}, 
  journal = {Journal of Open Source Software}
}
